@MISC{WEBSITE:1,
TITLE="Density Estimation",
HOWPUBLISHED="\url{https://scikit-learn.org/stable/modules/density.html}",
}

@article{truong1,
    author =       "Truong,C and Römer, K and Chen, K",
    title =        "{Fuzzy-based sensor search in the Web of Things}",
    journal =      "3rd IEEE International Conference on the Internet of Things",
    year =         "2012",
    DOI =          "https://doi.org/10.1109/iot.2012.6402314"
}
@article{truong2,
    author =       "Truong, C and Römer, K",
    title =        "{Content-based sensor search for the Web of Things}",
    journal =      "GLOBECOM - IEEE Global Telecommunications Conference",
    pages =        "2654--2660",
    year =         "2013",
    DOI =          "https://doi.org/10.1109/GLOCOM.2013.6831475"
}
@article{basesimilarity,
    author =       "Xuecheng, L",
    title =        "{Entropy, distance measure and similarity measure of fuzzy sets and their relations}",
    journal =      "Fuzzy sets and Systems",
    volume =       "52",
    number =       "3",
    pages =        "305-318",
    year =         "1992",
    DOI =          "https://doi.org/10.1109/GLOCOM.2013.6831475"
}
@article{similarityset,
	author =	"Leila Baccour and Adel Alimi and Robert John",
	title=		"Some Notes on Fuzzy Similarity Measures and Application to Classification of Shapes, Recognition of Arabic Sentences and Mosaic",
	journal=	"IAENG International Journal of Computer Science",
	volume=	"42",
	number=	"2",
	year=	"2014"
}